@misc{insert-sort,
	title="Сортировка вставками [Электронный ресурс]",
	howpublished="Режим доступа: \url{https://kvodo.ru/sortirovka-vstavkami-2.html} (дата обращения: 11.11.2022)"
}

@misc{bubble-sort,
	title="Сортировка пузырьком [Электронный ресурс]",
	howpublished="Режим доступа: \url{https://kvodo.ru/puzyirkovaya-sortirovka.html} (дата обращения: 11.11.2022)"
}

@misc{gnomme-sort,
	title="Гномья сортировка [Электронный ресурс]",
	howpublished="Режим доступа: \url{https://kvodo.ru/gnome-sorting.html} (дата обращения: 11.11.2022)"
}


@misc{python-lang,
	title="Welcome to Python [Электронный ресурс]",
	howpublished="Режим доступа: \url{https://www.python.org} (дата обращения: 11.11.2022)"
}

@misc{python-lang-time,
	title="time — Time access and conversions [Электронный ресурс]",
	howpublished="Режим доступа: \url{https://docs.python.org/3/library/time.html#functions} (дата обращения: 11.11.2022)"
}




@misc{ubuntu,
	title="Ubuntu 22.04.1 LTS (Jammy Jellyfish) [Электронный ресурс]",
	howpublished="Режим доступа: \url{https://releases.ubuntu.com/22.04/} (дата обращения: 11.11.2022)"
}


@misc{model,
		title="М. В. Ульянов Ресурсно-эффективные компьютерные алгоритмы. Разработка и анализ.",
		year=2007
}

@misc{gost1,
	title="Межгосударственный стандарт. Единая система программной документации.
	Схемы алгоритмов, программ, данных и систем. ГОСТ 19.701--90."
}

@misc{gost2,
  title="Межгосударственный стандарт. Система стандартов по информации, библиотечному и издательскому делу.
	Отчет о научно-исследовательской работе. ГОСТ 7.32--2017."
}

