@misc{matrix,
	title="Матрица [Электронный ресурс]",
	howpublished="Режим доступа: \url{https://terme.ru/termin/matrica.html} (дата обращения: 23.10.2022)"
}

@misc{vinograd-matrix,
	title="Умножение матриц [Электронный ресурс]",
	howpublished="Режим доступа: \url{http://algolib.narod.ru/Math/Matrix.html} (дата обращения: 23.10.2022)"
}


@misc{model,
		title="М. В. Ульянов Ресурсно-эффективные компьютерные алгоритмы. Разработка и анализ.",
		year=2007
}


@misc{python-lang,
	title="Welcome to Python [Электронный ресурс]",
	howpublished="Режим доступа: \url{https://www.python.org} (дата обращения: 04.10.2022)"
}

@misc{python-lang-time,
	title="time — Time access and conversions [Электронный ресурс]",
	howpublished="Режим доступа: \url{https://docs.python.org/3/library/time.html#functions} (дата обращения: 04.10.2022)"
}


@misc{ubuntu,
	title="Ubuntu 20.04.3 LTS (Focal Fossa) [Электронный ресурс]",
	howpublished="Режим доступа: \url{https://releases.ubuntu.com/20.04/} (дата обращения: 04.10.2022)"
}

@misc{linux,
	title="Linux [Электронный ресурс]",
	howpublished="Режим доступа: \url{https://www.linux.org/forums/#linux-tutorials.122} (дата обращения: 04.10.2022)"
}

@misc{gost1,
	title="Межгосударственный стандарт. Единая система программной документации.
	Схемы алгоритмов, программ, данных и систем. ГОСТ 19.701--90."
}

@misc{gost2,
  title="Межгосударственный стандарт. Система стандартов по информации, библиотечному и издательскому делу.
	Отчет о научно-исследовательской работе. ГОСТ 7.32--2017."
}

